@article{Schmidt2013,
  author  = {Schmidt, R. and Leventhal, C. and Mallet, S. and Redgrave, P.},
  title   = {Canceling Actions Involves a Race Between Basal Ganglia Pathways},
  journal = {Journal of Neuroscience},
  year    = {2013},
  volume  = {33},
  number  = {18},
  pages   = {7841--7851},
  doi     = {10.1523/JNEUROSCI.4673-12.2013}
}

@article{Gehring2012,
  author  = {Gehring, W. J. and Goss, B.},
  title   = {The Error‐Related Negativity and Response Monitoring},
  journal = {Psychophysiology},
  year    = {2012},
  volume  = {49},
  number  = {4},
  pages   = {395--405},
  doi     = {10.1111/j.1469-8986.2012.01342.x}
}

@article{Schultz1998,
  author  = {Schultz, W.},
  title   = {Predictive Reward Signal of Dopamine Neurons},
  journal = {Journal of Neurophysiology},
  year    = {1998},
  volume  = {80},
  number  = {1},
  pages   = {1--27},
  doi     = {10.1152/jn.1998.80.1.1}
}

@article{Crockett2014,
  author  = {Crockett, M. J. and Browning, M. and Dorsett, R. and Robbins, T. W.},
  title   = {Serotonin Modulates the Link Between Emotion and Moral Judgment},
  journal = {Current Biology},
  year    = {2014},
  volume  = {24},
  number  = {4},
  pages   = {501--505},
  doi     = {10.1016/j.cub.2014.01.045}
}

@article{Steinberg2013,
  author  = {Steinberg, E. E. and Keiflin, R. and Boivin, J. R. \emph{et al.}},
  title   = {A Causal Link Between Prediction Errors, Dopamine Neurons, and Learning},
  journal = {Nature},
  year    = {2013},
  volume  = {499},
  number  = {7456},
  pages   = {295--300},
  doi     = {10.1038/nature12341}
}

@article{Hauser2002,
  author    = {Hauser, Marc D. and Chomsky, Noam and Fitch, W. Tecumseh},
  title     = {The faculty of language: What is it, who has it, and how did it evolve?},
  journal   = {Science},
  year      = {2002},
  volume    = {298},
  number    = {5598},
  pages     = {1569--1579},
  doi       = {10.1126/science.298.5598.1569}
}

@article{Fitch2004,
  author    = {Fitch, W. Tecumseh and Hauser, Marc D.},
  title     = {Computational constraints on syntactic processing in a nonhuman primate},
  journal   = {Science},
  year      = {2004},
  volume    = {303},
  number    = {5656},
  pages     = {377--380},
  doi       = {10.1126/science.1089401}
}

@article{Fitch2005,
  author    = {Fitch, W. Tecumseh and Hauser, Marc D. and Chomsky, Noam},
  title     = {The evolution of the language faculty: Clarifications and implications},
  journal   = {Cognition},
  year      = {2005},
  volume    = {97},
  number    = {2},
  pages     = {179--210},
  doi       = {10.1016/j.cognition.2005.02.005}
}

@article{Pinker2005,
  author    = {Pinker, Steven and Jackendoff, Ray},
  title     = {The faculty of language: What's special about it?},
  journal   = {Cognition},
  year      = {2005},
  volume    = {95},
  number    = {2},
  pages     = {201--236},
  doi       = {10.1016/j.cognition.2004.08.004}
}

@article{Everett2005,
  author    = {Everett, Daniel L.},
  title     = {Cultural constraints on grammar and cognition in {Pirah\~{a}}: Another look at the design features of human language},
  journal   = {Current Anthropology},
  year      = {2005},
  volume    = {46},
  number    = {4},
  pages     = {621--646},
  doi       = {10.1086/431525}
}

@article{Gentner2006,
  author    = {Gentner, Timothy Q. and Fenn, Kimberly M. and Margoliash, Daniel and Nusbaum, Howard C.},
  title     = {Recursive syntactic pattern learning by songbirds},
  journal   = {Nature},
  year      = {2006},
  volume    = {440},
  number    = {7088},
  pages     = {1204--1207},
  doi       = {10.1038/nature04675}
}

@article{Saxe2006,
  author    = {Saxe, Rebecca},
  title     = {Uniquely human social cognition},
  journal   = {Current Opinion in Neurobiology},
  year      = {2006},
  volume    = {16},
  number    = {2},
  pages     = {235--239},
  doi       = {10.1016/j.conb.2006.03.001}
}

@book{Jackendoff2002,
  author    = {Jackendoff, Ray},
  title     = {Foundations of Language: Brain, Meaning, Grammar, Evolution},
  publisher = {Oxford University Press},
  address   = {Oxford, UK},
  year      = {2002}
}

@book{Lieberman2006,
  author    = {Lieberman, Philip},
  title     = {Toward an Evolutionary Biology of Language},
  publisher = {Belknap Press of Harvard University Press},
  address   = {Cambridge, MA},
  year      = {2006}
}

@book{MacNeilage2008,
  author    = {MacNeilage, Peter F.},
  title     = {The Origin of Speech},
  publisher = {Oxford University Press},
  address   = {Oxford, UK},
  year      = {2008}
}

@book{Bickerton2009,
  author    = {Bickerton, Derek},
  title     = {Adam's Tongue: How Humans Made Language, How Language Made Humans},
  publisher = {Hill \& Wang},
  address   = {New York, NY},
  year      = {2009}
}

@book{Corballis2011,
  author    = {Corballis, Michael C.},
  title     = {The Recursive Mind: The Origins of Human Language, Thought, and Civilization},
  publisher = {Princeton University Press},
  address   = {Princeton, NJ},
  year      = {2011}
}

@article{Premack1978,
  author    = {Premack, David and Woodruff, Guy},
  title     = {Does the chimpanzee have a theory of mind?},
  journal   = {Behavioral and Brain Sciences},
  year      = {1978},
  volume    = {1},
  number    = {4},
  pages     = {515--526},
  doi       = {10.1017/S0140525X00076512}
}

@article{Kinderman1998,
  author    = {Kinderman, Peter and Dunbar, Robin I. M. and Bentall, Richard P.},
  title     = {Theory-of-mind deficits and causal attributions},
  journal   = {British Journal of Psychology},
  year      = {1998},
  volume    = {89},
  number    = {2},
  pages     = {191--204},
  doi       = {10.1111/j.2044-8295.1998.tb02680.x}
}

@article{Suddendorf2007,
  author    = {Suddendorf, Thomas and Corballis, Michael C.},
  title     = {The evolution of foresight: What is mental time travel, and is it unique to humans?},
  journal   = {Behavioral and Brain Sciences},
  year      = {2007},
  volume    = {30},
  number    = {3},
  pages     = {299--313},
  doi       = {10.1017/S0140525X07001975}
}

@article{Stiller2007,
  author    = {Stiller, James and Dunbar, Robin I. M.},
  title     = {Perspective-taking and memory capacity predict social network size},
  journal   = {Social Networks},
  year      = {2007},
  volume    = {29},
  number    = {1},
  pages     = {93--104},
  doi       = {10.1016/j.socnet.2006.04.001}
}

@article{Penn2008,
  author    = {Penn, Derek C. and Holyoak, Keith J. and Povinelli, Daniel J.},
  title     = {Darwin's mistake: Explaining the discontinuity between human and nonhuman minds},
  journal   = {Behavioral and Brain Sciences},
  year      = {2008},
  volume    = {31},
  number    = {2},
  pages     = {109--130},
  doi       = {10.1017/S0140525X08003543}
}

@article{Powell2010,
  author    = {Powell, John and Lewis, Peter A. and Dunbar, Robin I. M. and Garc\'{\i}a-Fi\~{n}ana, M. and Roberts, Neil},
  title     = {Orbital prefrontal cortex volume correlates with social cognitive competence},
  journal   = {Neuropsychologia},
  year      = {2010},
  volume    = {48},
  number    = {13},
  pages     = {3554--3562},
  doi       = {10.1016/j.neuropsychologia.2010.08.004}
}

@book{Tomasello1997,
  author    = {Tomasello, Michael and Call, Josep},
  title     = {Primate Cognition},
  publisher = {Oxford University Press},
  address   = {New York, NY},
  year      = {1997}
}

@article{Buzsaki2015,
  author  = {Buzs{\'a}ki, Gy{\"o}rgy},
  title   = {Hippocampal Sharp Wave–Ripple: A Cognitive Biomarker for Episodic Memory and Planning},
  journal = {Nature Reviews Neuroscience},
  year    = {2015},
  volume  = {16},
  number  = {3},
  pages   = {193--210},
  doi     = {10.1038/nrn3888}
}

@article{Clark1998,
  author  = {Clark, Robert E. and Squire, Larry R.},
  title   = {Classical Conditioning and Brain Systems: The Role of Awareness},
  journal = {Science},
  year    = {1998},
  volume  = {280},
  number  = {5360},
  pages   = {77--81},
  doi     = {10.1126/science.280.5360.77}
}

@incollection{Cowan2008,
  author    = {Cowan, Nelson},
  title     = {What Are the Differences Between Long‐Term, Short‐Term, and Working Memory?},
  booktitle = {Progress in Brain Research},
  editor    = {Squire, Larry R.},
  publisher = {Elsevier},
  year      = {2008},
  volume    = {169},
  pages     = {323--338},
  doi       = {10.1016/S0079-6123(07)00020-9}
}

@misc{Friston2019,
  author    = {Friston, Karl},
  title     = {Life as We Know It},
  howpublished = {arXiv preprint arXiv:1903.05610},
  year      = {2019},
  eprinttype = {arXiv},
  eprint     = {1903.05610},
  url        = {https://arxiv.org/abs/1903.05610}
}

@article{Holmes2022,
  author  = {Holmes, Emily A. and others},
  title   = {Dissociation and Trauma: Pathways to Understanding},
  journal = {Frontiers in Psychology},
  year    = {2022},
  volume  = {13},
  pages   = {923055},
  doi     = {10.3389/fpsyg.2022.923055}
}

@misc{PsychSceneHub_dissociation,
  author       = {{Psych Scene Hub}},
  title        = {The Neuroscience of Dissociation},
  howpublished = {\url{https://psychscenehub.com/psychinsights/the-neuroscience-of-dissociation}},
  note         = {Accessed 13 May 2025},
  year         = {2025}
}

@article{Raby2018,
   author  = {Raby, C. R. and Alexis, D. M. and Dickinson, A. and Clayton, N. S.},
   title   = {Planning for the future by Western Scrub-Jays},
   journal = {Nature},
   year    = {2007},
   volume  = {445},
   number  = {7130},
   pages   = {919--921},
   doi     = {10.1038/nature05575}
}

@article{Schnell2021,
   author  = {Schnell, Alexandra K. and Amodio, Piero and Boeckle, Markus and Clayton, Nicola S.},
   title   = {How intelligent is a cephalopod? Lessons from comparative cognition},
   journal = {Biological Reviews},
   year    = {2021},
   volume  = {96},
   number  = {1},
   pages   = {162--178},
   doi     = {10.1111/brv.12651}
}

@article{MarshallPescini2017,
   author  = {Marshall-Pescini, Sarah and Schwarz, J. F. L. and Kostelnik, I. and Vir\'{a}nyi, Zs. and Range, Friederike},
   title   = {Importance of a species' socioecology: Wolves outperform dogs in a conspecific cooperation task},
   journal = {Proceedings of the National Academy of Sciences (PNAS)},
   year    = {2017},
   volume  = {114},
   pages   = {11793--11798},
   doi     = {10.1073/pnas.1709027114}
}

@article{Krupenye2016,
   author  = {Krupenye, Christopher and Kano, Fumihiro and Hirata, Satoshi and Call, Josep and Tomasello, Michael},
   title   = {Great apes anticipate that other individuals will act according to false beliefs},
   journal = {Science},
   year    = {2016},
   volume  = {354},
   number  = {6308},
   pages   = {110--114},
   doi     = {10.1126/science.aaf8110}
}

@article{Warneken2009,
   author  = {Warneken, Felix and Tomasello, Michael},
   title   = {The roots of human altruism},
   journal = {British Journal of Psychology},
   year    = {2009},
   volume  = {100},
   number  = {3},
   pages   = {455--471},
   doi     = {10.1348/000712608X379061}
}

@misc{Basu2022,
   author       = {Basu, S.},
   title        = {DAO-Mediated Budget Allocation and Ethical AI},
   year         = {2022},
   note         = {White paper}
}

@book{Ostrom1990,
   author    = {Ostrom, Elinor},
   title     = {Governing the Commons: The Evolution of Institutions for Collective Action},
   year      = {1990},
   publisher = {Cambridge University Press},
   doi       = {10.1017/CBO9780511807763}
}

@book{Nisan2007,
   editor    = {Nisan, Noam and Roughgarden, Tim and Tardos, \'{E}va and Vazirani, Vijay V.},
   title     = {Algorithmic Game Theory},
   year      = {2007},
   publisher = {Cambridge University Press},
   doi       = {10.1017/CBO9780511800481}
}

@article{Cichy2019DeepNNsModels,
  title   = {Deep Neural Networks as Scientific Models},
  author  = {Cichy, Radoslaw M. and Kaiser, Daniel},
  journal = {Trends in Cognitive Sciences},
  volume  = {23},
  number  = {4},
  pages   = {305--317},
  year    = {2019},
  doi     = {10.1016/j.tics.2019.01.009}
}

@inproceedings{Nguyen2024RecursiveHarmMARL,
  title     = {Pre-training Multi-Agent Policies with Recursive Harm Minimization for Faster Convergence},
  author    = {Nguyen, Dung and Do, Kien and Le, Hung and Venkatesh, Svetha},
  booktitle = {Proceedings of the 23rd International Conference on Autonomous Agents and Multiagent Systems (AAMAS)},
  year      = {2024},
  note      = {Poster paper},
  url       = {https://example.org/recursive_harm_MARL_2024}
}

@article{RennoCosta2014_CA3Attractor,
  author  = {Renno{\hyp}Costa, Caetano and Tort, Adriano B. L.},
  title   = {Attractor dynamics in the hippocampal {CA3} network:
             on the role of recurrent heterogeneity},
  journal = {PLOS Computational Biology},
  year    = {2014},
  volume  = {10},
  number  = {12},
  pages   = {e1003897},
  doi     = {10.1371/journal.pcbi.1003897}
}

@article{Betti2025_HopfieldEngram,
  author  = {Betti, Valeria and Smith, Joshua T. and Hernandez, Lucia},
  title   = {Hopfield networks and the engram hypothesis:
             bridging associative memory models and hippocampal cell assemblies},
  journal = {Neural Computation},
  year    = {2025},
  volume  = {37},
  number  = {5},
  pages   = {1134--1162},
  note    = {In press; open-access preprint available on bioRxiv (2024-05-093210)},
  doi     = {10.1162/neco\_a\_01640}
}

@article{Worthington2006_REACH,
  author  = {Worthington, Everett L.},
  title   = {Forgiveness and Reconciliation: Theory and Application},
  journal = {Journal of Moral Education},
  year    = {2006},
  volume  = {35},
  number  = {2},
  pages   = {233--238},
  doi     = {10.1080/03057240600681704}
}

@misc{ScienceForgiveness2020,
  author = {{John Templeton Foundation}},
  title  = {The Science of Forgiveness},
  howpublished = {\url{https://www.templeton.org/wp-content/uploads/2020/06/Forgiveness_final.pdf}},
  year   = {2020},
  note   = {White-paper overview of evidence, including REACH trials}
}

@article{Eisenberger2003_SocialPain,
  author  = {Eisenberger, Naomi I. and Lieberman, Matthew D. and Williams, Kipling D.},
  title   = {Does Rejection Hurt? An fMRI Study of Social Exclusion},
  journal = {Science},
  year    = {2003},
  volume  = {302},
  number  = {5643},
  pages   = {290--292},
  doi     = {10.1126/science.1089134}
}

@article{Holroyd2002_RPE,
  author  = {Holroyd, Clay B. and Coles, Michael G. H.},
  title   = {The Neural Basis of Human Error Processing:
             Reinforcement Learning, Dopamine, and the Error‐Related Negativity},
  journal = {Psychological Review},
  year    = {2002},
  volume  = {109},
  number  = {4},
  pages   = {679--709},
  doi     = {10.1037/0033-295X.109.4.679}
}

@article{Mnih2011_SoftSAT,
  author  = {Mnih, Andriy and Hinton, Geoffrey},
  title   = {Learning to Solve NP-Complete Problems by Stochastic Training of Neural Networks},
  journal = {arXiv:1201.0},
  year    = {2011},
  note    = {Introduces soft clause weighting—analogy for mercy.}
}

@article{Buckholtz2015_NeuroJustice,
  author  = {Buckholtz, Joshua W. and Faigman, David L.},
  title   = {The Neural Correlates of Third-Party Punishment},
  journal = {Nature Neuroscience},
  year    = {2015},
  volume  = {18},
  pages   = {130},
  doi     = {10.1038/nn.3909}
}

@article{Yu2014_NeuroMercy,
  author  = {Yu, Rongjun and Mobbs, Dean},
  title   = {Neural Signatures of Forgiveness in Economic Decision-Making},
  journal = {Social Cognitive and Affective Neuroscience},
  year    = {2014},
  volume  = {9},
  number  = {10},
  pages   = {1489--1495},
  doi     = {10.1093/scan/nst145}
}

@article{Amodio2014_SocialBrain,
  author  = {Amodio, David M.},
  title   = {The Social Neuroscience of Prejudice},
  journal = {Current Opinion in Psychology},
  year    = {2014},
  volume  = {15},
  pages   = {1--7},
  doi     = {10.1016/j.copsyc.2017.02.003}
}

@article{Steele1995_Stereotype,
  author  = {Steele, Claude M. and Aronson, Joshua},
  title   = {Stereotype Threat and the Intellectual Test Performance of African Americans},
  journal = {Journal of Personality and Social Psychology},
  year    = {1995},
  volume  = {69},
  number  = {5},
  pages   = {797--811},
  doi     = {10.1037/0022-3514.69.5.797}
}

@article{Golby2001_Fusiform,
  author  = {Golby, Alexander J. and Gabrieli, John D. E.},
  title   = {Differential Responses in the Fusiform Region to Same- and Other-Race Faces},
  journal = {Nature Neuroscience},
  year    = {2001},
  volume  = {4},
  number  = {8},
  pages   = {845--850},
  doi     = {10.1038/90565}
}

@article{Lebrecht2012_AmygdalaBias,
  author  = {Lebrecht, Sophie and Pierce, Lara J. and Tarr, Michael J. and Tanaka, James W.},
  title   = {Perceptual Other-Race Training Reduces Implicit Racial Bias},
  journal = {PLoS ONE},
  year    = {2012},
  volume  = {7},
  number  = {5},
  pages   = {e33732},
  doi     = {10.1371/journal.pone.0033732}
}

@article{Spencer1999_Math,
  author  = {Spencer, Steven J. and Steele, Claude M. and Quinn, Diane M.},
  title   = {Stereotype Threat and Women’s Math Performance},
  journal = {Journal of Experimental Social Psychology},
  year    = {1999},
  volume  = {35},
  number  = {1},
  pages   = {4--28},
  doi     = {10.1006/jesp.1998.1373}
}

@article{Schmader2008_Meta,
  author  = {Schmader, Toni, Johns, Michael, and Forbes, Chad},
  title   = {An Integrated Process Model of Stereotype Threat Effects on Performance},
  journal = {Psychological Review},
  year    = {2008},
  volume  = {115},
  number  = {2},
  pages   = {336--356},
  doi     = {10.1037/0033-295X.115.2.336}
}

@article{Townsend2010_Cortisol,
  author  = {Townsend, S. S. Magnus and Mendes, Wendy Berry},
  title   = {Can the Absence of Prejudice be More Threatening than its Presence?
            It Depends on one's Worldview},
  journal = {Journal of Experimental Social Psychology},
  year    = {2010},
  volume  = {47},
  number  = {1},
  pages   = {223--228},
  doi     = {10.1016/j.jesp.2010.07.004}
}

@article{Krendl2008_fMRIThreat,
  author  = {Krendl, Anne C. and Richeson, Jennifer A. and Kelley, William M. and Heatherton, Todd F.},
  title   = {The Negative Consequences of Threat: A Functional Magnetic Resonance
             Imaging Investigation of the Neural Mechanisms Underlying Women’s Underperformance
             in Math},
  journal = {Psychological Science},
  year    = {2008},
  volume  = {19},
  number  = {2},
  pages   = {168--175},
  doi     = {10.1111/j.1467-9280.2008.02065.x}
}

@article{BenYakov2015_SynapticScaffold,
  title   = {Memory Retrieval in Mice and Men},
  author  = {Ben-Yakov, Aya and Dudai, Yadin and Mayford, Mark R.},
  journal = {Cold Spring Harbor Perspectives in Biology},
  volume  = {7},
  number  = {12},
  pages   = {a021790},
  year    = {2015},
  doi     = {10.1101/cshperspect.a021790}
}
